@online{web:spec,
    title = {CS261 (Software Engineering): Group Software Development Project},
    author = {Deutsche Bank AG and The University of Warwick DCS},
    url = {https://warwick.ac.uk/fac/sci/dcs/teaching/material/cs261/project},
    note = {(Accessed 1st Feburary, 2021)}
}

@online{web:scrum,
    author = {Hirotaka Takeuchi and Ikujiro Nonaka},
    title = {The Scrum Methodology for Software Development},
    url = {https://www.scrum.org/},
    month = {},
    year = {},
    note = {(Accessed 1st Feburary, 2021)}
}

@online{web:agile,
    author = {},
    title = {The Agile Manifesto},
    url = {https://agilemanifesto.org/},
    month = {},
    year = {},
    note = {(Accessed 2nd Feburary, 2021)}
}

@article{web:gdpr,
    author = {The European Parliament and the Council of the European Union},
    title = {GDPR: General Data Protection Regulation},
    journal = {Official Journal of the European Union},
    url = {https://gdpr-info.eu/},
    note = {(Accessed 2nd Feburary, 2021)}
}

@online{web:trello,
    author = {Joel Spolsky, Michael Pryor},
    title = {Trello},
    url = {https://trello.com/},
    note = {(Accessed 3rd Feburary, 2021)}
}

@online{owasp-csrf,
    title = {OWASP: Cross-Site Request Forgery},
    author = {OWASP},
    url = {https://owasp.org/www-community/attacks/csrf},
    note = {(Accessed 2nd Feburary, 2021)}
}

@online{reqs,
    title = {Writing Quality Requirements},
    author = {Karl E. Wiegers},
    url = {https://www.processimpact.com/articles/qualreqs.pdf},
    note = {(Accessed 1st Feburary, 2021)}
}

@online{speed,
    title = {Broadband speed guide},
    author = {FCC, US Government},
    url = {https://www.fcc.gov/consumers/guides/broadband-speed-guide},
    note = {(Accessed 2nd Feburary, 2021)}
}

@online{hardware,
    title = {Web Application Requirements},
    author = {Microsoft},
    url = {https://docs.microsoft.com/en-us/power-platform/admin/web-application-requirements},
    note = {(Accessed 3rd Feburary, 2021)}
}

@online{major,
    title = {Definition of Major Upgrade},
    author = {Law Insider},
    url = {https://www.lawinsider.com/dictionary/major-upgrade},
    note = {(Accessed 1st Feburary, 2021)}
}

@online{web:gov-guidance,
    author = {GOV.UK},
    title = {Making your service accessible},
    url = {https://www.gov.uk/service-manual/helping-people-to-use-your-service/making-your-service-accessible-an-introduction},
    % month = {May},
    % year = {2020},
    note = {(Accessed 2nd Feburary, 2021)}
}