@article{vader2,
    title   = {VADER: A Parsimonious Rule-based Model for Sentiment Analysis of Social Media Text.},
    author  = {Hutto, C.J. & Gilbert, E.E.},
    journal    = {Eighth International Conference on Weblogs and Social Media (ICWSM-14). Ann Arbor, MI, June 2014}
}

@book{book:GUI1,
    author  = {Aaron Marcus},
    title   = {Principles of effective visual communication for graphical user interface design},
    pages   = {425-441},
    publisher = {Proceedings of the IFIP-IMIA Second Stockholm Conference on Communication in Health Care, Stockholm, Sweden}
}

@book{book:GUI2,
    author  = {Verplank, W.L.},
    title   = {Graphics in Human-Computer Communication: Principles of Graphical User-Interface Design},
    pages   = {113-130},
    publisher = {San Francisco: Morgan Kaufmann Publishers Inc.}
}

@online{owasp-csrf,
    title   = {OWASP: Cross-Site Request Forgery},
    author  = {OWASP},
    url     = {https://owasp.org/www-community/attacks/csrf},
    note    = {(Accessed 6th Feburary, 2021)}
}

@online{web:react-native,
    author  = {Facebook Inc.},
    title   = {React Native},
    url     = {https://reactnative.dev/},
    note    = {(Accessed 6th Feburary, 2021)}
}

@online{web:react,
    author  = {Facebook Inc.},
    title   = {React JS},
    url     = {https://reactjs.org/},
    note    = {(Accessed 6th Feburary, 2021)}
}

@online{web:spark,
    author  = {Matei Zaharia},
    title   = {Java Spark},
    url     = {https://sparkjava.com/},
    note    = {(Accessed 6th Feburary, 2021)}
}

@online{web:vader,
    author  = {C.J. Hutto},
    title   = {VADER Sentiment Analysis Tool},
    url     = {https://github.com/cjhutto/vaderSentiment},
    note    = {(Accessed 6th Feburary, 2021)}
}

@online{web:spec,
    title   = {CS261 (Software Engineering): Group Software Development Project},
    author  = {Deutsche Bank AG and The University of Warwick DCS},
    url     = {https://warwick.ac.uk/fac/sci/dcs/teaching/material/cs261/project},
    note    = {(Accessed 6th Feburary, 2021)}
}

@online{web:scrum,
    author  = {Hirotaka Takeuchi and Ikujiro Nonaka},
    title   = {The Scrum Methodology for Software Development},
    url     = {https://www.scrum.org/},
    note    = {(Accessed 4th Feburary, 2021)}
}

@online{web:agile,
    author  = {},
    title   = {The Agile Manifesto},
    url     = {https://agilemanifesto.org/},
    month   = {},
    year    = {},
    note    = {(Accessed 7th Feburary, 2021)}
}

@online{web:trello,
    author  = {Joel Spolsky, Michael Pryor},
    title   = {Trello},
    url     = {https://trello.com/},
    note    = {(Accessed 6th Feburary, 2021)}
}

@online{web:mockflow,
    author  = {MockFlow},
    title   = {MockFlow},
    url     = {https://mockflow.com/},
    note    = {(Accessed 5th Feburary, 2021)}
}

@online{web:drawio,
    author  = {Gaudenz Alder},
    title   = {Diagrams.net},
    url     = {https://app.diagrams.net/},
    note    = {(Accessed 6th Feburary, 2021)}
}

@online{word-list,
    title   = {Common Nouns List},
    author  = {Github user @isaacg1},
    url     = {https://github.com/isaacg1/words/blob/master/common-nouns.txt},
    note    = {(Accessed 6th Feburary, 2021)}
}

@online{web:ts,
    title   = {TypeScript},
    author  = {Microsoft Corporation},
    url     = {https://www.typescriptlang.org/},
    note    = {(Accessed 4th Feburary, 2021)}
}

@online{web:js,
    title   = {JavaScript},
    author  = {Open standard maintained by ECMA International and W3C},
    url     = {https://www.javascript.com/},
    note    = {(Accessed 6th Feburary, 2021)}
}

@online{web:psql,
    title   = {PostgreSQL},
    author  = {Openly maintained, see \url{https://github.com/postgres/postgres/graphs/contributors}},
    url     = {https://www.postgresql.org/},
    note    = {(Accessed 6th Feburary, 2021)}
}

@online{jdbc,
    title   = {JDBC},
    author  = {Oracle},
    url     = {https://docs.oracle.com/javase/8/docs/technotes/guides/jdbc/},
    note    = {(Accessed 5th Feburary, 2021)}
}

@online{java,
    title   = {Java},
    author  = {Oracle},
    url     = {https://www.java.com/en/},
    note    = {(Accessed 7th Feburary, 2021)}
}

@online{web:w3c, 
    title   = {Markup Validator},
    author  = {W3C},
    url     = {https://validator.w3.org/},
    note    = {(Accessed 5th Feburary, 2021)}
}

@online{dg,
    title   = {DataGrip},
    author  = {Jet Brains},
    url     = {https://www.jetbrains.com/datagrip/},
    note    = {(Accessed 6th Feburary, 2021)}
}

@online{vp,
    title   = {Visual Paradigm},
    url     = {https://www.visual-paradigm.com/},
    note    = {(Accessed 6th Feburary, 2021)}
}

@online{ibm,
    title   = {Universal Design language library},
    author  = {IBM},
    url     = {https://www.ibm.com/design/language/iconography/ui-icons/library/},
    note    = {(Accessed 4th Feburary, 2021)}
}

@online{web:oauth,
    title   = {OAuth 2.0},
    author  = {Open source, see contributors: \url{https://github.com/aaronpk/oauth.net/graphs/contributors}},
    url     = {https://oauth.net/2/},
    note    = {(Accessed 4th Feburary, 2021)}
}

