@article{vader2,
    title   = {VADER: A Parsimonious Rule-based Model for Sentiment Analysis of Social Media Text.},
    author  = {Hutto, C.J. & Gilbert, E.E.},
    journal = {Eighth International Conference on Weblogs and Social Media (ICWSM-14). Ann Arbor, MI, June 2014}
}

@online{docker-license,
    title   = {Docker Licensing},
    author  = {{Docker Inc.}},
    url     = {https://docs.docker.com/desktop/opensource/},
    note    = {(Accessed on the 8th of March, 2021)}
}

@online{apache-license-2.0,
    title   = {Apache License, Version 2.0},
    author  = {{Apache Inc.}},
    url     = {https://www.apache.org/licenses/LICENSE-2.0},
    note    = {(Accessed on the 8th of March, 2021)}
}

@online{mit-license,
    title   = {MIT License},
    author  = {Massachusetts Institute of Technology},
    url     = {https://opensource.org/licenses/MIT},
    note    = {(Accessed on the 8th of March, 2021)}
}

@online{maven,
    title   = {Apache Maven},
    author  = {{Apache Software Foundation}},
    url     = {https://maven.apache.org/},
    note    = {(Accessed on the 8th of March, 2021)}
}

@online{surefire,
    title = {Maven Surefire Plugin},
    author = {{Apache Software Foundation}},
    url = {https://maven.apache.org/surefire/maven-surefire-plugin/},
    note    = {(Accessed on the 15th of March, 2021)}
}

@online{srdp,
    title = {Design Principles and Design Patterns},
    author = {{Robert C. Martin}},
    url = {https://web.archive.org/web/20150906155800/http://www.objectmentor.com/resources/articles/Principles_and_Patterns.pdf},
    note    = {(Published in 2000)}
}

@misc{requirements-analysis,
    author = {{Alexander Price, Thomas Cowley, George Denny, Yang Tang, Moustafa Eladawy}},
    title = {CS261: Software Engineering Project Group 32: Requirements Analysis Document},
    year = {2021}
}

@misc{design-and-planning,
    author = {{Alexander Price, Thomas Cowley, George Denny, Yang Tang, Moustafa Eladawy}},
    title = {CS261: Software Engineering Project Group 32: Design and Planning Document},
    year = {2021}
}

@book{book:GUI1,
    author  = {Aaron Marcus},
    title   = {Principles of effective visual communication for graphical user interface design},
    pages   = {425-441},
    publisher = {Proceedings of the IFIP-IMIA Second Stockholm Conference on Communication in Health Care, Stockholm, Sweden}
}

@book{book:GUI2,
    author  = {Verplank, W.L.},
    title   = {Graphics in Human-Computer Communication: Principles of Graphical User-Interface Design},
    pages   = {113-130},
    publisher = {San Francisco: Morgan Kaufmann Publishers Inc.}
}

@online{owasp-csrf,
    title   = {OWASP: Cross-Site Request Forgery},
    author  = {OWASP},
    url     = {https://owasp.org/www-community/attacks/csrf},
    note    = {(Accessed 6th Feburary, 2021)}
}

@online{web:react-native,
    author  = {Facebook Inc.},
    title   = {React Native},
    url     = {https://reactnative.dev/},
    note    = {(Accessed 6th Feburary, 2021)}
}

@online{web:react,
    author  = {Facebook Inc.},
    title   = {React JS},
    url     = {https://reactjs.org/},
    note    = {(Accessed 6th Feburary, 2021)}
}

@online{web:spark,
    author  = {Matei Zaharia},
    title   = {Java Spark},
    url     = {https://sparkjava.com/},
    note    = {(Accessed 6th Feburary, 2021)}
}

@online{web:vader,
    author  = {C.J. Hutto},
    title   = {VADER Sentiment Analysis Tool},
    url     = {https://github.com/cjhutto/vaderSentiment},
    note    = {(Accessed 6th Feburary, 2021)}
}

@online{web:spec,
    title   = {CS261 (Software Engineering): Group Software Development Project},
    author  = {Deutsche Bank AG and The University of Warwick DCS},
    url     = {https://warwick.ac.uk/fac/sci/dcs/teaching/material/cs261/project},
    note    = {(Accessed 6th Feburary, 2021)}
}

@online{web:scrum,
    author  = {Hirotaka Takeuchi and Ikujiro Nonaka},
    title   = {The Scrum Methodology for Software Development},
    url     = {https://www.scrum.org/},
    note    = {(Accessed 4th Feburary, 2021)}
}

@online{web:agile,
    author  = {},
    title   = {The Agile Manifesto},
    url     = {https://agilemanifesto.org/},
    month   = {},
    year    = {},
    note    = {(Accessed 7th Feburary, 2021)}
}

@online{web:trello,
    author  = {Joel Spolsky, Michael Pryor},
    title   = {Trello},
    url     = {https://trello.com/},
    note    = {(Accessed 6th Feburary, 2021)}
}

@online{web:mockflow,
    author  = {MockFlow},
    title   = {MockFlow},
    url     = {https://mockflow.com/},
    note    = {(Accessed 5th Feburary, 2021)}
}

@online{web:drawio,
    author  = {Gaudenz Alder},
    title   = {Diagrams.net},
    url     = {https://app.diagrams.net/},
    note    = {(Accessed 6th Feburary, 2021)}
}

@online{word-list,
    title   = {Common Nouns List},
    author  = {Github user @isaacg1},
    url     = {https://github.com/isaacg1/words/blob/master/common-nouns.txt},
    note    = {(Accessed 6th Feburary, 2021)}
}

@online{web:ts,
    title   = {TypeScript},
    author  = {Microsoft Corporation},
    url     = {https://www.typescriptlang.org/},
    note    = {(Accessed 4th Feburary, 2021)}
}

@online{web:js,
    title   = {JavaScript},
    author  = {Open standard maintained by ECMA International and W3C},
    url     = {https://www.javascript.com/},
    note    = {(Accessed 6th Feburary, 2021)}
}

@online{web:psql,
    title   = {PostgreSQL},
    author  = {Openly maintained, see \url{https://github.com/postgres/postgres/graphs/contributors}},
    url     = {https://www.postgresql.org/},
    note    = {(Accessed 6th Feburary, 2021)}
}

@online{jdbc,
    title   = {JDBC},
    author  = {Oracle},
    url     = {https://docs.oracle.com/javase/8/docs/technotes/guides/jdbc/},
    note    = {(Accessed 5th Feburary, 2021)}
}

@online{java,
    title   = {Java},
    author  = {Oracle},
    url     = {https://www.java.com/en/},
    note    = {(Accessed 7th Feburary, 2021)}
}

@online{web:w3c, 
    title   = {Markup Validator},
    author  = {W3C},
    url     = {https://validator.w3.org/},
    note    = {(Accessed 5th Feburary, 2021)}
}

@online{dg,
    title   = {DataGrip},
    author  = {Jet Brains},
    url     = {https://www.jetbrains.com/datagrip/},
    note    = {(Accessed 6th Feburary, 2021)}
}

@online{vp,
    title   = {Visual Paradigm},
    url     = {https://www.visual-paradigm.com/},
    note    = {(Accessed 6th Feburary, 2021)}
}

@online{ibm,
    title   = {Universal Design language library},
    author  = {IBM},
    url     = {https://www.ibm.com/design/language/iconography/ui-icons/library/},
    note    = {(Accessed 4th Feburary, 2021)}
}

@online{web:oauth,
    title   = {OAuth 2.0},
    author  = {Open source, see contributors: \url{https://github.com/aaronpk/oauth.net/graphs/contributors}},
    url     = {https://oauth.net/2/},
    note    = {(Accessed 4th Feburary, 2021)}
}

@online{docker,
    title   = {Docker},
    author  = {Docker, Inc.},
    url     = {https://www.docker.com/},
    note    = {(Accessed 13th March, 2021)}
}

@online{discord,
    title   = {Discord},
    author  = {Discord, Inc.},
    url     = {https://discord.com/},
    note    = {(Accessed 10th March, 2021)}
}

@online{hackmd,
    title   = {HackMD},
    author  = {see contributors:
    \url{https://github.com/orgs/hackmdio/people}, 
    Open source - },
    url     = {https://hackmd.io/home},
    note    = {(Accessed 11th March, 2021)}
}

@online{victorops,
    title   = {Defining Benchmarks For Healthy Latency},
    author  = {VictorOps},
     url     =  {https://victorops.com/blog/defining-benchmarks-for-healthy-latency}, 
    note    = {(Accessed 11th March, 2021)}
}

@online{open,
    title   = {IBM icon license},
    author  = {IBM},
     url     =  {https://github.com/IBM-Design/icons/blob/master/LICENSE.md}, 
    note    = {(Accessed 11th March, 2021)}
}

@online{firefox,
    title   = {Firefox developer tools},
    author  = {Mozilla},
     url     =  {https://developer.mozilla.org/en-US/docs/Tools}, 
    note    = {(Accessed 11th March, 2021)}
}

@online{rapid,
    title   = {Rapid Prototyping definition and principles},
    author  = {Product Plan: Dictionary},
    url     = {https://www.productplan.com/glossary/rapid-prototyping/},
    note    = {(Accessed 28th Feburary, 2021)}
}

@article{web:gdpr,
    author = {The European Parliament and the Council of the European Union},
    title = {GDPR: General Data Protection Regulation},
    journal = {Official Journal of the European Union},
    url = {https://gdpr-info.eu/},
    note = {(Accessed 2nd Feburary, 2021)}
}

@online{web:gov-guidance,
    author = {GOV.UK},
    title = {Making your service accessible},
    url = {https://www.gov.uk/service-manual/helping-people-to-use-your-service/making-your-service-accessible-an-introduction},
    % month = {May},
    % year = {2020},
    note = {(Accessed 2nd Feburary, 2021)}
}